@Book{Hig2008FunctionsMatricesTheory,
  author    = {Nicholas J. Higham},
  publisher = {Society for Industrial and Applied Mathematics},
  title     = {Functions of Matrices: {Theory} and Computation},
  year      = {2008},
  address   = {Philadelphia, PA, USA},
  isbn      = {978-0-898716-46-7},
  bibdate   = {Thu Feb 7 21:51:54 GMT 2008},
  created   = {2008.02.07},
  doi       = {10.1137/1.9780898717778},
  pages     = {xx+425},
  updated   = {2014.05.30},
}

@Book{Hig2002AccuracyStabilityNumerical,
  author    = {Nicholas J. Higham},
  publisher = {Society for Industrial and Applied Mathematics},
  title     = {Accuracy and Stability of Numerical Algorithms},
  year      = {2002},
  address   = {Philadelphia, PA, USA},
  edition   = {Second},
  isbn      = {0-89871-521-0},
  bibdate   = {Mon Aug 19 13:30:30 GMT 2002},
  created   = {2002.08.19},
  doi       = {10.1137/1.9780898718027},
  pages     = {xxx+680},
  updated   = {2014.05.30},
}

@Article{DV1992Jacobismethodis,
  author  = {{Demmel}, {James} and {Veseli}\'{c}, {Kre\v{s}imi}r},
  journal = {{SIAM} {Journal} on {Matrix} {Analysis} and {Applications}},
  title   = {{Jacobi}'s method is {more} {accurate} than {QR}},
  year    = {1992},
  number  = {4},
  pages   = {1204-1245},
  volume  = {13},
  doi     = {10.1137/0613074},
  eprint  = {https://doi.org/10.1137/0613074},
  url     = {https://doi.org/10.1137/0613074},
}

@Article{2019IEEEstandardfloating,
  journal   = {{IEEE} {Std} 754-2019 ({Revision} of {IEEE} 754-2008)},
  title     = {{IEEE} {standard} for {floating}-{point} {arithmetic}},
  year      = {2019},
  pages     = {1-84},
  doi       = {10.1109/IEEESTD.2019.8766229},
  publisher = {{IEEE}},
}

@Article{Wie1955extremumpropertysums,
  author    = {{Helmut} {Wielandt}},
  journal   = {{Proceedings} of the {American} {Mathematical} {Society}},
  title     = {{An} {extremum} {property} of {sums} of {eigenvalues}},
  year      = {1955},
  issn      = {00029939, 10886826},
  number    = {1},
  pages     = {106--110},
  volume    = {6},
  publisher = {{American} {Mathematical} {Society}},
  url       = {http://www.jstor.org/stable/2032661},
  urldate   = {2022-07-02},
}

@Article{FH1955Somemetricinequalities,
  author    = {{Ky} {Fan} and {A. J.} {Hoffman}},
  journal   = {{Proceedings} of the {American} {Mathematical} {Society}},
  title     = {Some metric inequalities in the space of matrices},
  year      = {1955},
  issn      = {00029939, 10886826},
  number    = {1},
  pages     = {111--116},
  volume    = {6},
  publisher = {{American} {Mathematical} {Society}},
  url       = {http://www.jstor.org/stable/2032662},
  urldate   = {2022-07-02},
}

@Article{Mir1960Symmetricgaugefunctions,
  author  = {Leon {Mirsky}},
  journal = {{The} {Quarterly} {Journal} of {Mathematics}},
  title   = {{{Symmetric} {gauge} {functions} and {unitarily} {invariant} {norms}}},
  year    = {1960},
  issn    = {0033-5606},
  month   = {01},
  number  = {1},
  pages   = {50-59},
  volume  = {11},
  doi     = {10.1093/qmath/11.1.50},
  eprint  = {https://academic.oup.com/qjmath/article-pdf/11/1/50/7295335/11-1-50.pdf},
  url     = {https://doi.org/10.1093/qmath/11.1.50},
}

@Article{Hig1986Computingpolardecomposition,
  author  = {Nicholas J. {Higham}},
  journal = {SIAM J. Sci. Statist. Comput.},
  title   = {Computing the polar decomposition---with applications},
  year    = {1986},
  month   = oct,
  number  = {4},
  pages   = {1160-1174},
  volume  = {7},
  doi     = {10.1137/0907079},
}

@Book{GVL2013MatrixComputations,
  author    = {{Golub}, Gene H. and {Van Loan}, Charles F.},
  publisher = {Johns Hopkins University Press},
  title     = {{Matrix} {Computations}},
  year      = {2013},
  address   = {Baltimore, Maryland},
  edition   = {{Fourth}},
  isbn      = {978-1-4214-0794-4},
  series    = {Johns {Hopkins} studies in the mathematical sciences},
  keywords  = {Data processing, Matrices},
}

@Book{Hen1964ElementsNumericalAnalysis,
  author    = {Henrici, Peter},
  publisher = {John Wiley},
  title     = {{Elements} of {Numerical} {Analysis}},
  year      = {1964},
  address   = {New York},
  isbn      = {978-0471372417},
  keywords  = {Numerical Analysis},
}

@Article{Ben1965iterativemethodcomputing,
  author    = {{Adi} {Ben}-{Israel}},
  journal   = {Mathematics of Computation},
  title     = {{{An} {iterative} {method} for {computing} the {generalized} {inverse} of an {arbitrary} {matrix}}},
  year      = {1965},
  month     = {01},
  number    = {91},
  pages     = {452-455},
  volume    = {19},
  doi       = {10.1090/s0025-5718-1965-0179915-5},
  publisher = {American Mathematical Society ({AMS})},
  url       = {https://doi.org/10.1090/s0025-5718-1965-0179915-5},
}

@Article{Sch1933IterativeBerechungder,
  author  = {G\"{u}nther Schulz},
  journal = {{ZAMM} - Zeitschrift f\"{u}r Angewandte Mathematik und Mechanik},
  title   = {Iterative Berechung der reziproken Matrix},
  year    = {1933},
  number  = {1},
  pages   = {57--59},
  volume  = {13},
  doi     = {10.1002/zamm.19330130111},
  url     = {https://doi.org/10.1002/zamm.19330130111},
}

@InProceedings{Hig1989Matrixnearnessproblems,
  author    = {Nicholas J. Higham},
  booktitle = {Applications of Matrix Theory},
  title     = {Matrix nearness problems and applications},
  year      = {1989},
  editor    = {M. J. C. Gover and S. Barnett},
  pages     = {1-27},
  publisher = {Oxford University Press},
  created   = {1994.01.01},
  updated   = {1994.01.01},
}

@Article{Jac1846Ubereinleichtes,
  author    = {C.G.J. Jacobi},
  journal   = {{Journal} f\"ur die reine und angewandte Mathematik},
  title     = {\"{U}ber ein leichtes Verfahren die in der {Theorie} der {S\"acularst\"orungen} vorkommenden {Gleichungen} numerisch aufzul\"osen},
  year      = {1846},
  month     = jan,
  number    = {30},
  pages     = {51--94},
  volume    = {1846},
  doi       = {10.1515/crll.1846.30.51},
  publisher = {Walter de Gruyter {GmbH}},
  url       = {https://doi.org/10.1515/crll.1846.30.51},
}

@Book{Par1998SymmetricEigenvalueProblem,
  author    = {Beresford N. Parlett},
  publisher = {Society for Industrial and Applied Mathematics},
  title     = {The {Symmetric} {Eigenvalue} {Problem}},
  year      = {1998},
  isbn      = {978-0-89871-402-9},
  month     = jan,
  doi       = {10.1137/1.9781611971163},
  url       = {https://doi.org/10.1137/1.9781611971163},
}

@Article{vKem1966quadraticconvergencespecial,
  author    = {H. P. M. van Kempen},
  journal   = {{Numerische} {Mathematik}},
  title     = {On the quadratic convergence of the special cyclic {Jacobi} method},
  year      = {1966},
  month     = nov,
  number    = {1},
  pages     = {19--22},
  volume    = {9},
  doi       = {10.1007/bf02165225},
  publisher = {{Springer} {Science} and {Business} {Media} {LLC}},
  url       = {https://doi.org/10.1007/bf02165225},
}

@Article{Wil1962Notequadraticconvergence,
  author    = {J. H. {Wilkinson}},
  journal   = {{Numerische} {Mathematik}},
  title     = {Note on the quadratic convergence of the cyclic {Jacobi} process},
  year      = {1962},
  month     = dec,
  number    = {1},
  pages     = {296--300},
  volume    = {4},
  doi       = {10.1007/bf01386321},
  publisher = {{Springer} {Science} and {Business} {Media} {LLC}},
  url       = {https://doi.org/10.1007/bf01386321},
}

@Article{Sch1961ZurKonvergenzdes,
  author    = {Sch{\"o}nhage, A},
  journal   = {{Numerische} {Mathematik}},
  title     = {Zur Konvergenz des {Jacobi}-Verfahrens},
  year      = {1961},
  number    = {1},
  pages     = {374--380},
  volume    = {3},
  doi       = {10.1007/bf01386036},
  publisher = {{Springer}},
}

@Article{Har1991sharpquadraticconvergence,
  author  = {Hari, Vjeran},
  journal = {{Numerische} {Mathematik}},
  title   = {{On} sharp quadratic convergence bounds for the serial {Jacobi} methods},
  year    = {1991},
  issn    = {0945-3245},
  month   = dec,
  number  = {1},
  pages   = {375--406},
  volume  = {60},
  doi     = {10.1007/BF01385728},
  url     = {https://doi.org/10.1007/BF01385728},
}

@Article{DHT2001AnalysisCholeskyMethod,
  author  = {Philip I. Davies and Nicholas J. Higham and Fran\c{c}oise Tisseur},
  journal = {SIAM J. Matrix Anal. Appl.},
  title   = {Analysis of the {Cholesky} Method with Iterative Refinement for Solving the Symmetric Definite Generalized Eigenproblem},
  year    = {2001},
  number  = {2},
  pages   = {472-493},
  volume  = {23},
  doi     = {10.1137/S0895479800373498},
}

@Article{Gre1953Computingeigenvalueseigenvectors,
  author    = {Robert T. Gregory},
  journal   = {{Mathematics} of {Computation}},
  title     = {{Computing} eigenvalues and eigenvectors of a symmetric matrix on the {ILLIAC}},
  year      = {1953},
  number    = {44},
  pages     = {215--220},
  volume    = {7},
  doi       = {10.1090/s0025-5718-1953-0057643-6},
  publisher = {{American} {Mathematical} {Society} ({AMS})},
  url       = {https://doi.org/10.1090/s0025-5718-1953-0057643-6},
}

@Article{FH1960cyclicJacobimethod,
  author  = {Forsythe, G. E. and Henrici, P.},
  journal = {Transactions of the American Mathematical Society},
  title   = {The cyclic {Jacobi} method for computing the principal values of a complex matrix},
  year    = {1960},
  issn    = {0002-9947},
  note    = {Publisher: American Mathematical Society},
  number  = {1},
  pages   = {1--23},
  volume  = {94},
  doi     = {10.2307/1993275},
  url     = {https://www.jstor.org/stable/1993275},
  urldate = {2022-06-03},
}

@Article{DV2000Approximateeigenvectorsas,
  author  = {Zlatko {Drmač} and Krešimir {Veselić}},
  journal = {{Linear} {Algebra} and its {Applications}},
  title   = {{Approximate} eigenvectors as preconditioner},
  year    = {2000},
  issn    = {0024-3795},
  number  = {1},
  pages   = {191-215},
  volume  = {309},
  doi     = {10.1016/S0024-3795(00)00046-X},
  url     = {https://www.sciencedirect.com/science/article/pii/S002437950000046X},
}

@Book{Bha1997MatrixAnalysis,
  author    = {Bhatia, Rajendra},
  publisher = {Springer},
  title     = {Matrix {Analysis}},
  year      = {1997},
  address   = {New York},
  isbn      = {0387948465},
  keywords  = {Matrices},
}

@Article{GvdV2000Eigenvaluecomputation20th,
  author  = {Gene H. Golub and Henk A. {van der Vorst}},
  journal = {{Journal} of {Computational} and {Applied} {Mathematics}},
  title   = {Eigenvalue computation in the 20th century},
  year    = {2000},
  issn    = {0377-0427},
  note    = {Numerical Analysis 2000. Vol. III: Linear Algebra},
  number  = {1},
  pages   = {35-65},
  volume  = {123},
  doi     = {10.1016/S0377-0427(00)00413-1},
  url     = {https://www.sciencedirect.com/science/article/pii/S0377042700004131},
}

@Book{Wil1965AlgebraicEigenvalueProblem,
  author    = {J. H. Wilkinson},
  publisher = {Oxford University Press},
  title     = {The Algebraic Eigenvalue Problem},
  year      = {1965},
  address   = {Oxford, UK},
  isbn      = {0-19-853403-5 (hardback), 0-19-853418-3 (paperback)},
  created   = {1994.01.01},
  pages     = {xviii+662},
  updated   = {2019.09.28},
}

@Misc{MAT2022version9.12.0.2009381R2022a,
  author    = {MATLAB},
  title     = {version 9.12.0.2009381 (R2022a)},
  year      = {2022},
  address   = {Natick, Massachusetts},
  publisher = {The MathWorks Inc.},
}

@Article{HP2019SimulatingLowPrecision,
  author  = {Nicholas J. Higham and Srikara Pranesh},
  journal = {SIAM J. Sci. Comput.},
  title   = {Simulating Low Precision Floating-Point Arithmetic},
  year    = {2019},
  number  = {5},
  pages   = {C585-C602},
  volume  = {41},
  doi     = {10.1137/19M1251308},
}

@Comment{jabref-meta: databaseType:bibtex;}
