@article{1966-quadratic-convergence-vanKempen,
  doi       = {10.1007/bf02165225},
  url       = {https://doi.org/10.1007/bf02165225},
  year      = {1966},
  month     = nov,
  publisher = {{Springer} {Science} and {Business} {Media} {LLC}},
  volume    = {9},
  number    = {1},
  pages     = {19--22},
  author    = {H. P. M. van Kempen},
  title     = {On the quadratic convergence of the special cyclic {Jacobi} method},
  journal   = {{Numerische} {Mathematik}}
}

@article{vKem1966OtCotCJMfRSMwNDE,
  author    = {H. P. M. van Kempen},
  journal   = {Numerische Mathematik},
  title     = {On the convergence of the classical {Jacobi} method for real symmetric matrices with non-distinct eigenvalues},
  year      = {1966},
  month     = {nov},
  number    = {1},
  pages     = {11--18},
  volume    = {9},
  doi       = {10.1007/bf02165224},
  publisher = {Springer Science and Business Media {LLC}}
}

@article{Wil1962NotQCotCJP,
  author    = {J. H. {Wilkinson}},
  journal   = {{Numerische} {Mathematik}},
  title     = {Note on the quadratic convergence of the cyclic {Jacobi} process},
  year      = {1962},
  month     = dec,
  number    = {1},
  pages     = {296--300},
  volume    = {4},
  doi       = {10.1007/bf01386321},
  publisher = {{Springer} {Science} and {Business} {Media} {LLC}},
  url       = {https://doi.org/10.1007/bf01386321}
}

@book{Par1998TSEP,
  author    = {Beresford N. Parlett},
  publisher = {Society for Industrial and Applied Mathematics},
  title     = {The {Symmetric} {Eigenvalue} {Problem}},
  year      = {1998},
  isbn      = {978-0-89871-402-9},
  month     = jan,
  doi       = {10.1137/1.9781611971163},
  file      = {:The Symmetric Eigenvalue Problem-Par1998TSEP.pdf:PDF},
  url       = {https://doi.org/10.1137/1.9781611971163}
}

@Comment{jabref-meta: databaseType:bibtex;}
